% Encoding: UTF-8

@Report{1,
  author = {Centre fédéral de connaissances pour la Sécurité civile},
  title  = {Statistiques 2013 des services d'incendie belges},
  type   = {techreport},
  year   = {2013},
}

@TechReport{2,
  author      = {E.D. Kuligowski; R.D. Peacock; B.L. Hoskins},
  title       = {Technical Note 1680},
  institution = {NIST},
  year        = {2010},
  type        = {techreport},
  subtitle    = {A review of building evacuation models (2nd edition)},
  location    = {Gaithersburg, USA},
}

@InProceedings{3,
  author    = {G. Santos; B.E. Aguirre},
  title     = {A critical review of emergency evacuation simulation models},
  booktitle = {Proceeding of the NIST Workshop on Building Occupant Movement during Fire Emergencies},
  year      = {2004},
  date      = {June 9-10},
  publisher = {NIST},
  location  = {Gaithersburg, USA},
  pages     = {25-50},
}

@Book{4,
  author    = {C.J.E Castle},
  title     = {Guidelines for assessing pedestrian evacuation software applications},
  year      = {2007},
  editor    = {Centre for Advanced Spatial Analysis},
  publisher = {University College London},
  location  = {London},
}

@InReference{5,
  author    = {S.M.V Gwynne; E.R. Galea; M. Owen; P.J. Lawrence; L. Fillipidis},
  title     = {Review of modelling methodologies used in the simulation of evacuation},
  booktitle = {J. Build. Environ., 34},
  year      = {1999},
  pages     = {441-749},
}

@InProceedings{6,
  author    = {S.M.V Gwynne; E.D. Kuligowski},
  title     = {Application modes of egress simulation},
  booktitle = {Proceeding of Pedestrian and Evacuation Dynamics},
  year      = {2008},
  location  = {Wuppertal, Germany},
  pages     = {397-409},
}

@InProceedings{7,
  author    = {B.M Levin},
  title     = {EXITT- A simulation model of occupant decisions and actions in residential fires},
  booktitle = {Proceedings of the 2nd International Symposium on Fire Safety Science},
  year      = {1989},
  location  = {Tokyo, Japan},
}
<<<<<<< HEAD

@Article{8,
  author  = {K. Christensen; Y. Sasaki},
  title   = {Agent-Based Emergency Evacuation Simulation with Individuals with Disabilities in the Population},
  year    = {2008},
  volume  = {11},
  number  = {3},
  pages   = {9},
  issn    = {1460-7425},
  url     = {http://jasss.soc.surrey.ac.uk/11/3/9.html},
  journal = {Journal of Artificial Societies and Social Simulation},
}

@InProceedings{9,
  author    = {J. Parke; S.M.V Gwynne; E.D Galea; P. Lawrence},
  title     = {Validating the buildingEXODUS evacuation model using data from an unannounced trial evacuation},
  booktitle = {Proceedings of 2nd International Pedestrian and Evacuation Dynamics Conference},
  year      = {2003},
  location  = {London, UK},
}

@PhdThesis{10,
  author      = {A. Hunt},
  title       = {Simulating Hospital Evacuation},
  institution = {University of Greenwich},
  year        = {2016},
}

@TechReport{11,
  author      = {W. Johnson},
  title       = {Using Computer Simulations to Support a Risk-Based Approach for Hospital Evacuation},
  institution = {Glasgow Accident Analysis Group, Department of Computing Science, University of Glasgow},
  year        = {2006},
  location    = {Glasgow, UK},
}

@InProceedings{12,
  author    = {S. Uehara; K. Tomomatsu},
  title     = {Evacuation Simulation System Considering Evacuee Profiles and Spatial Characteristics},
  booktitle = {Proceedings of the 7th International Symposium of Safety Science},
  year      = {2001},
  pages     = {963-974},
}

@InReference{13,
  author    = {A. Cuesta; O. Abreu; D. Alvear},
  title     = {Evacuation modeling trends},
  year      = {2016},
  publisher = {Springer},
}

@Manual{14,
  author = {Thunderhead Engineering},
  title  = {Pathfinder 2016, Technical Reference},
  year   = {2016},
}

@InProceedings{15,
  author    = {T. Korhonen; S. Hostikka; S. Heliövaara; H. Ehtamo; K. Matikainen},
  title     = {FDS+Evac: evacuation module for fire dynamics simulator},
  booktitle = {Interflam2007: 11th International Conference on Fire Science and Engineering},
  year      = {2007},
  location  = {London, UK},
}

@Manual{16,
  author   = {STEPS - Simulation Group},
  editor   = {Mott MacDonald},
  title    = {STEPS (Simulation of Transient Evacuation and Pedestrian movements) User Manual},
  year     = {2011},
  location = {Croydon, UK},
}

@Article{17,
  author       = {D. Golmohammadi; D. Shimshak},
  title        = {Estimation of the Evacuation Time in an Emergency Situation in Hospitals},
  journaltitle = {Computer and industrial engineering},
  year         = {2001},
  issue        = {61},
  pages        = {1256-1267},
}

@TechReport{18,
  author      = {V. Alonso},
  title       = {Egress Modelling in Health Care Occupancies},
  institution = {The Fire Protection Research Foundation, Technical Notes},
  year        = {2014},
  date        = {July},
  location    = {USA},
}

@Report{19,
  author      = {D. Ursetta; A. D'Orazio; L. Grossi; G. Carbotti; S. Casentini; L. Poggi},
  title       = {Egress from a Hospital Ward: a Case Study},
  institution = {FEMTC2014: Fire and Evacuation Modeling Technical Conference 2014},
  year        = {2014},
  url         = {http://www.thunderheadeng.com/2014/10/femtc2014_d2-b-3_carbotti/},
  urldate     = {2016-10-11},
}

@InProceedings{20,
  author    = {A.P.M Adams; E.R Galea},
  title     = {An experimental evaluation of movement devices used to assist people with reduced mobility in high-rise building evacuations},
  booktitle = {Pedestrian and Evacuation Dynamics 2010, 5th International Conference},
  year      = {2010},
  date      = {March 8–10},
  editor    = {Peacock, R.D.; Kuligowski, E.D.; Averill, J.D.},
  publisher = {Springer, New York, NY},
  pages     = {129–138},
}

@Article{21,
  author       = {A. Hunt; E.R. Galea; P. Lawrence},
  title        = {An Analysis and Numerical Simulation of the Performance of Trained Hospital Staff using Movement Assist Devices to Evacuate People with Reduced Mobility},
  journaltitle = {Fire and Materials},
  year         = {2013},
  volume       = {39},
  number       = {4},
  month        = {dec},
  pages        = {407-429},
  doi          = {10.1002/fam.2215},
  url          = {http://dx.doi.org/10.1002/fam.2215},
  journal      = {Fire and Materials},
  publisher    = {Wiley-Blackwell},
}

@Book{22,
  author        = {Fruin},
  title         = {Pedestrian planning and design},
  year          = {1987},
  language      = {English},
  edition       = {Revised ed},
  note          = {Based on the author's thesis, originally presented at the Polytechnic Institute of Brooklyn under the title: Designing for pedestrians},
  publisher     = {Mobile, AL : Elevator World},
  catalogue-url = { http://trove.nla.gov.au/work/14893042 },
  subjects      = { Pedestrian facilities design; Pedestrians },
  type          = {Book; Book/Illustrated},
}

@Reference{23,
  editor = {},
  title  = {MSC Circ. 1248, Interim Guidelines for Evacuation Analyses for New and Existing Passenger Ships International Maritime Organization},
  year   = {2002},
}


@WWW{25,
  author  = {De Smet},
  title   = {F.R.A.M.E: Fire Risk Assessment Method for Engineering},
  url     = {http://www.framemethod.net/indexen.html},
  urldate = {2016-09-19},
}

@WWW{26,
  author  = {De Smet},
  title   = {F.R.A.M.E calculation report: Düsseldorf Airport},
  url     = {http://www.framemethod.net/indexen_15.html},
  urldate = {2016-09-19},
}

@WWW{27,
  author  = {De Smet},
  title   = {F.R.A.M.E calculation report: Sofa Super Store Fire},
  url     = {http://www.framemethod.net/indexen_23.html},
  urldate = {2016-09-19},
}

@WWW{28,
  author  = {De Smet},
  title   = {Example: Historic Building: 13-15 Century Monastery used as Museum and Cultural Centre},
  url     = {http://www.framemethod.net/indexen_20.html},
  urldate = {2016-09-19},
}

@WWW{29,
  author   = {Project FiRE-TECH},
  title    = {Fire Risk Evaluation to European Cultural Heritage European study into the Fire Risk to European Cultural Heritage},
  url      = {http://www.framemethod.net/indexen_html_files/wg6finalreport.pdf},
  subtitle = {WG6: Fire Risk Assessment Methods Draft final report},
}

@WWW{30,
  author = {De Smet},
  title  = {F.R.A.M.E calculation report: Kanunnick Triest te Melle},
  url    = {http://www.framemethod.net/indexnl_html_files/Brand%20in%20Zorgcentrum%20Kanunnik%20Triest%20te%20Melle.pdf},
}

@InProceedings{31,
  author    = {A. Rahouti; S. Datoussaïd},
  title     = {Prédiction du risque incendie en milieu hospitalier},
  booktitle = {GISEH16:La 8ème conférence francophone en Gestion et Ingénierie des Systèmes Hospitaliers},
  year      = {2016},
}

@Manual{32,
  author       = {T. Korhonen; S. Hostikka},
  title        = {Fire Dynamics Simulator with Evacuation – FDS+Evac, Version 2.5.0 – Technical Reference and User's Guide},
  year         = {2009},
  organization = {VTT},
  location     = {Helsinki, Finland},
}

@InBook{33,
  author    = {H. Nelson and F. Mowrer},
  title     = {Emergency Movement},
  booktitle = {SFPE Handbook of Fire Protection Engineering, third ed.},
  year      = {2002},
  editor    = {DiNenno, P.},
  location  = {Quincy, MA},
}

@Article{34,
  author       = {S.M.V Gwynne; E.R Galea; J. Parke; J. Hickson},
  title        = {The collection and analysis of pre-evacuation time data collected from evacuation trials and their application to evacuation modeling},
  journaltitle = {Fire Technology},
  year         = {2003},
  number       = {2},
  issue        = {39},
  pages        = {179-195},
}

@InProceedings{35,
  author       = {S.M.V Gwynne; E.R Galea; J. Parke; J. Hickson},
  title        = {The collection of pre-evacuation times from evacuation trials involving hospital outpatient facility, in Evans DD},
  booktitle    = {Proceedings of the 7th International symposium fire safety science},
  year         = {2002},
  organization = {IAFSS},
  pages        = {877-888},
}

@Article{36,
  author       = {K.E Boyce; T.J Shields; G.W.H Silcock},
  title        = {Toward the characterization of building occupancies for fire safety engineering: capabilities of disabled people moving horizontally and on an incline},
  journaltitle = {Fire Technology},
  year         = {1999},
  number       = {35},
  pages        = {51–67},
}

@TechReport{37,
  author      = {C. Walts; J. Stanford; P. Weydeck; J. Lukat; C. Larsen; G. Benigni; C. Grady; C. Gallaher},
  title       = {Hospital Evacuation Toolkit},
  institution = {Florida Department of Health},
  year        = {2011},
}
